<record><leader>00000cas a2200000 a 4500</leader><controlfield tag="001">11457506</controlfield><controlfield tag="008">841205d18911895ksuwr ne      0   a0eng d</controlfield><controlfield tag="009">3789</controlfield><datafield ind1=" " ind2=" " tag="010"><subfield code="a">sn 84030064 </subfield></datafield><datafield ind1=" " ind2=" " tag="040"><subfield code="a">KSH</subfield><subfield code="b">eng</subfield><subfield code="c">KSH</subfield><subfield code="d">NPT</subfield><subfield code="d">OCL</subfield></datafield><datafield ind1=" " ind2=" " tag="042"><subfield code="a">msc</subfield></datafield><datafield ind1="0" ind2="0" tag="245"><subfield code="a">Cimarron new west.</subfield></datafield><datafield ind1="1" ind2="3" tag="246"><subfield code="a">New west</subfield><subfield code="f">Feb. 7-May 18, 1895</subfield></datafield><datafield ind1=" " ind2=" " tag="260"><subfield code="a">Cimarron, Kan. :</subfield><subfield code="b">New West Printing Co. :</subfield><subfield code="b">N.B. Klaine,</subfield><subfield code="c">1891-</subfield></datafield><datafield ind1=" " ind2=" " tag="300"><subfield code="a">v. :</subfield><subfield code="b">ill. ;</subfield><subfield code="c">60 cm.</subfield></datafield><datafield ind1=" " ind2=" " tag="310"><subfield code="a">Weekly</subfield></datafield><datafield ind1="0" ind2=" " tag="362"><subfield code="a">Vol. 7, no. 13 (Feb. 12, 1891)-</subfield></datafield><datafield ind1="1" ind2=" " tag="362"><subfield code="a">Ceased in 1895.</subfield></datafield><datafield ind1=" " ind2=" " tag="500"><subfield code="a">Published by: John H. Whiteside, Sept. 6, 1894-May 9, 1895; New West Printing Co., May 18, 1895- .</subfield></datafield><datafield ind1=" " ind2=" " tag="500"><subfield code="a">"A reliable republican newspaper," Jan. 17, 1895- .</subfield></datafield><datafield ind1=" " ind2=" " tag="752"><subfield code="a">United States</subfield><subfield code="b">Kansas</subfield><subfield code="c">Gray</subfield><subfield code="d">Cimarron.</subfield></datafield><datafield ind1="0" ind2="0" tag="780"><subfield code="t">New west-echo</subfield><subfield code="w">(DLC)sn 84030063</subfield></datafield><datafield ind1="0" ind2="4" tag="785"><subfield code="t">Jacksonian (Cimarron, Kan. : 1886)</subfield><subfield code="w">(DLC)sn 84030052</subfield></datafield></record>